<?xml version="1.0" encoding="UTF-8"?><record xmlns="http://www.loc.gov/MARC21/slim" xmlns:cinclude="http://apache.org/cocoon/include/1.0" xmlns:zs="http://www.loc.gov/zing/srw/">
  <leader>00351nz  a2200133n  4500</leader>
  <controlfield tag="001">no 96067496 </controlfield>
  <controlfield tag="003">DLC</controlfield>
  <controlfield tag="005">19961220054049.3</controlfield>
  <controlfield tag="008">961219n| acannaab|          |n aaa     c</controlfield>
  <datafield tag="010" ind1=" " ind2=" ">
    <subfield code="a">no 96067496 </subfield>
  </datafield>
  <datafield tag="035" ind1=" " ind2=" ">
    <subfield code="a">(OCoLC)oca04233809 </subfield>
  </datafield>
  <datafield tag="040" ind1=" " ind2=" ">
    <subfield code="a">CLU-FT</subfield>
    <subfield code="c">CLU-FT</subfield>
  </datafield>
  <datafield tag="100" ind1="1" ind2="0">
    <subfield code="a">Cromien, Larry</subfield>
  </datafield>
  <datafield tag="670" ind1=" " ind2=" ">
    <subfield code="a">Bush pilot [MP] 1946:</subfield>
    <subfield code="b">credits (produced by Larry Cromien)</subfield>
  </datafield>
</record>